@book{jensen91:_pascal,
	author = {Jensen, Kathleen and Wirth, Niklaus},
	title = {Pascal user manual and report},
	publisher = {Springer-Verlag},
	year = 1991,
	address = {New York},
	edition = {4th},
	url = {http://www.loc.gov/catdir/enhancements/fy0814/91033145-d.html}
}

@inproceedings{DBLP:conf/acm/Reynolds72,
  author       = {John C. Reynolds},
  editor       = {John J. Donovan and
                  Rosemary Shields},
  title        = {Definitional interpreters for higher-order programming languages},
  booktitle    = {Proceedings of the {ACM} annual conference, {ACM} 1972, 1972, Volume
                  2},
  pages        = {717--740},
  publisher    = {{ACM}},
  year         = {1972},
  doiurl          = {https://doi.org/10.1145/800194.805852},
  doi          = {10.1145/800194.805852},
  timestamp    = {Tue, 13 Apr 2021 15:15:52 +0200},
  biburl       = {https://dblp.org/rec/conf/acm/Reynolds72.bib},
  bibsource    = {dblp computer science bibliography, https://dblp.org}
}



@InProceedings{landin66,
  author = 	 {Peter J. Landin},
  title = 	 {A $\lambda$-calculus approach},
  booktitle = {Advances in Programming and Non-Numerical Computation: Proceedings of A Summer School},
  year = 	 1966,
  editor = 	 {Leslie Fox},
  pages = 	 {97-141},
  address = 	 {Oxford},
  publisher = {Pergamon Press}}

@inproceedings{DBLP:conf/popl/TofteT94,
  author       = {Mads Tofte and
                  Jean{-}Pierre Talpin},
  editor       = {Hans{-}Juergen Boehm and
                  Bernard Lang and
                  Daniel M. Yellin},
  title        = {Implementation of the Typed Call-by-Value lambda-Calculus using a
                  Stack of Regions},
  booktitle    = {Conference Record of POPL'94: 21st {ACM} {SIGPLAN-SIGACT} Symposium
                  on Principles of Programming Languages, Portland, Oregon, USA, January
                  17-21, 1994},
  pages        = {188--201},
  publisher    = {{ACM} Press},
  year         = {1994},
  doiurl          = {https://doi.org/10.1145/174675.177855},
  doi          = {10.1145/174675.177855},
  timestamp    = {Wed, 14 Nov 2018 10:52:34 +0100},
  biburl       = {https://dblp.org/rec/conf/popl/TofteT94.bib},
  bibsource    = {dblp computer science bibliography, https://dblp.org}
}

@article{DBLP:journals/iandc/TofteT97,
  author       = {Mads Tofte and
                  Jean{-}Pierre Talpin},
  title        = {Region-based Memory Management},
  journal      = {Inf. Comput.},
  volume       = {132},
  number       = {2},
  pages        = {109--176},
  year         = {1997},
  doiurl          = {https://doi.org/10.1006/inco.1996.2613},
  doi          = {10.1006/INCO.1996.2613},
  timestamp    = {Fri, 12 Feb 2021 22:15:44 +0100},
  biburl       = {https://dblp.org/rec/journals/iandc/TofteT97.bib},
  bibsource    = {dblp computer science bibliography, https://dblp.org}
}



@TechReport{moses70:_funct_lisp_funar,
  author = 	 {Joel Moses},
  title = 	 {The function of {FUNCTION} in {LISP}, or why the {FUNARG} problem should be
called the environment problem},
  institution =  {Massachusetts Institute of Technology},
  year = 	 1970,
  url = 	 {http://hdl.handle.net/1721.1/5854}
}

@inproceedings{DBLP:conf/oopsla/OsvaldEWAR16,
  author       = {Leo Osvald and
                  Gr{\'{e}}gory M. Essertel and
                  Xilun Wu and
                  Lilliam I. Gonz{\'{a}}lez Alay{\'{o}}n and
                  Tiark Rompf},
  editor       = {Eelco Visser and
                  Yannis Smaragdakis},
  title        = {Gentrification gone too far? affordable 2nd-class values for fun and
                  (co-)effect},
  booktitle    = {Proceedings of the 2016 {ACM} {SIGPLAN} International Conference on
                  Object-Oriented Programming, Systems, Languages, and Applications,
                  {OOPSLA} 2016, part of {SPLASH} 2016, Amsterdam, The Netherlands,
                  October 30 - November 4, 2016},
  pages        = {234--251},
  publisher    = {{ACM}},
  year         = {2016},
  doiurl          = {https://doi.org/10.1145/2983990.2984009},
  doi          = {10.1145/2983990.2984009},
  timestamp    = {Wed, 23 Jun 2021 15:34:31 +0200},
  biburl       = {https://dblp.org/rec/conf/oopsla/OsvaldEWAR16.bib},
  bibsource    = {dblp computer science bibliography, https://dblp.org}
}

@inproceedings{DBLP:conf/ecoop/XhebrajB0R22,
  author       = {Anxhelo Xhebraj and
                  Oliver Bracevac and
                  Guannan Wei and
                  Tiark Rompf},
  editor       = {Karim Ali and
                  Jan Vitek},
  title        = {What If We Don't Pop the Stack? The Return of 2nd-Class Values},
  booktitle    = {36th European Conference on Object-Oriented Programming, {ECOOP} 2022,
                  June 6-10, 2022, Berlin, Germany},
  series       = {LIPIcs},
  volume       = {222},
  pages        = {15:1--15:29},
  publisher    = {Schloss Dagstuhl - Leibniz-Zentrum f{\"{u}}r Informatik},
  year         = {2022},
  doiurl          = {https://doi.org/10.4230/LIPIcs.ECOOP.2022.15},
  doi          = {10.4230/LIPICS.ECOOP.2022.15},
  timestamp    = {Wed, 21 Aug 2024 22:46:00 +0200},
  biburl       = {https://dblp.org/rec/conf/ecoop/XhebrajB0R22.bib},
  bibsource    = {dblp computer science bibliography, https://dblp.org}
}

@article{DBLP:journals/pacmpl/BaoWBJHR21,
  author       = {Yuyan Bao and
                  Guannan Wei and
                  Oliver Bracevac and
                  Yuxuan Jiang and
                  Qiyang He and
                  Tiark Rompf},
  title        = {Reachability types: tracking aliasing and separation in higher-order
                  functional programs},
  journal      = {Proc. {ACM} Program. Lang.},
  volume       = {5},
  number       = {{OOPSLA}},
  pages        = {1--32},
  year         = {2021},
  doiurl          = {https://doi.org/10.1145/3485516},
  doi          = {10.1145/3485516},
  timestamp    = {Tue, 07 May 2024 20:27:43 +0200},
  biburl       = {https://dblp.org/rec/journals/pacmpl/BaoWBJHR21.bib},
  bibsource    = {dblp computer science bibliography, https://dblp.org}
}

@article{DBLP:journals/pacmpl/LorenzenWDEL24,
  author       = {Anton Lorenzen and
                  Leo White and
                  Stephen Dolan and
                  Richard A. Eisenberg and
                  Sam Lindley},
  title        = {Oxidizing OCaml with Modal Memory Management},
  journal      = {Proc. {ACM} Program. Lang.},
  volume       = {8},
  number       = {{ICFP}},
  pages        = {485--514},
  year         = {2024},
  doiurl          = {https://doi.org/10.1145/3674642},
  doi          = {10.1145/3674642},
  timestamp    = {Mon, 03 Mar 2025 22:20:18 +0100},
  biburl       = {https://dblp.org/rec/journals/pacmpl/LorenzenWDEL24.bib},
  bibsource    = {dblp computer science bibliography, https://dblp.org}
}

@book{DBLP:books/cu/Appel1992,
  author       = {Andrew W. Appel},
  title        = {Compiling with Continuations},
  publisher    = {Cambridge University Press},
  year         = {1992},
  isbn         = {0-521-41695-7},
  timestamp    = {Tue, 13 Jan 2004 12:56:37 +0100},
  biburl       = {https://dblp.org/rec/books/cu/Appel1992.bib},
  bibsource    = {dblp computer science bibliography, https://dblp.org}
}

@inproceedings{DBLP:conf/acm/Steele77,
  author       = {Guy L. Steele Jr.},
  editor       = {James S. Ketchel and
                  Harvey Z. Kriloff and
                  H. Blair Burner and
                  Patricia E. Crockett and
                  Robert G. Herriot and
                  George B. Houston and
                  Cathy S. Kitto},
  title        = {Debunking the ``expensive procedure call'' myth or, procedure call implementations
                  considered harmful or, {LAMBDA:} The Ultimate {GOTO}},
  booktitle    = {Proceedings of the 1977 annual conference, {ACM} '77, Seattle, Washington,
                  USA, October 16-19, 1977},
  pages        = {153--162},
  publisher    = {{ACM}},
  year         = {1977},
  doiurl          = {https://doi.org/10.1145/800179.810196},
  doi          = {10.1145/800179.810196},
  timestamp    = {Wed, 14 Nov 2018 10:52:35 +0100},
  biburl       = {https://dblp.org/rec/conf/acm/Steele77.bib},
  bibsource    = {dblp computer science bibliography, https://dblp.org}
}

@article{DBLP:journals/logcom/Luo99,
  author       = {Zhaohui Luo},
  title        = {Coercive Subtyping},
  journal      = {J. Log. Comput.},
  volume       = {9},
  number       = {1},
  pages        = {105--130},
  year         = {1999},
  doiurl          = {https://doi.org/10.1093/logcom/9.1.105},
  doi          = {10.1093/LOGCOM/9.1.105},
  timestamp    = {Wed, 17 May 2017 14:25:55 +0200},
  biburl       = {https://dblp.org/rec/journals/logcom/Luo99.bib},
  bibsource    = {dblp computer science bibliography, https://dblp.org}
}

@inproceedings{DBLP:conf/tacs/Reynolds91,
  author       = {John C. Reynolds},
  editor       = {Takayasu Ito and
                  Albert R. Meyer},
  title        = {The Coherence of Languages with Intersection Types},
  booktitle    = {Theoretical Aspects of Computer Software, International Conference
                  {TACS} '91, Sendai, Japan, September 24-27, 1991, Proceedings},
  series       = {Lecture Notes in Computer Science},
  volume       = {526},
  pages        = {675--700},
  publisher    = {Springer},
  year         = {1991},
  doiurl          = {https://doi.org/10.1007/3-540-54415-1\_70},
  doi          = {10.1007/3-540-54415-1\_70},
  timestamp    = {Tue, 14 May 2019 10:00:51 +0200},
  biburl       = {https://dblp.org/rec/conf/tacs/Reynolds91.bib},
  bibsource    = {dblp computer science bibliography, https://dblp.org}
}

@inproceedings{DBLP:conf/afp/Norell08,
  author       = {Ulf Norell},
  editor       = {Pieter W. M. Koopman and
                  Rinus Plasmeijer and
                  S. Doaitse Swierstra},
  title        = {Dependently Typed Programming in Agda},
  booktitle    = {Advanced Functional Programming, 6th International School, {AFP} 2008,
                  Heijen, The Netherlands, May 2008, Revised Lectures},
  series       = {Lecture Notes in Computer Science},
  volume       = {5832},
  pages        = {230--266},
  publisher    = {Springer},
  year         = {2008},
  doiurl          = {https://doi.org/10.1007/978-3-642-04652-0\_5},
  doi          = {10.1007/978-3-642-04652-0\_5},
  timestamp    = {Tue, 14 May 2019 10:00:44 +0200},
  biburl       = {https://dblp.org/rec/conf/afp/Norell08.bib},
  bibsource    = {dblp computer science bibliography, https://dblp.org}
}

@Misc{team25:_agda_homep,
  author = 	 {The Agda Team},
  title = 	 {Agda Homepage},
  howpublished = {\url{https://wiki.portal.chalmers.se/agda/Main/HomePage}},
  year = 	 2025}

@article{DBLP:journals/jfp/AppelS96,
  author       = {Andrew W. Appel and
                  Zhong Shao},
  title        = {Empirical and Analytic Study of Stack Versus Heap Cost for Languages
                  with Closures},
  journal      = {J. Funct. Program.},
  volume       = {6},
  number       = {1},
  pages        = {47--74},
  year         = {1996},
  doiurl          = {https://doi.org/10.1017/S095679680000157X},
  doi          = {10.1017/S095679680000157X},
  timestamp    = {Mon, 10 Mar 2025 09:29:43 +0100},
  biburl       = {https://dblp.org/rec/journals/jfp/AppelS96.bib},
  bibsource    = {dblp computer science bibliography, https://dblp.org}
}
@Misc{thiemann25:_artif_what_i_alway_wanted,
  author = 	 {Peter Thiemann},
  title = 	 {Artifact for ``What I Always Wanted to Know about Second Class Values''},
  howpublished = {Zenodo},
  doi =          {10.5281/zenodo.16812692},
  month = 	 aug,
  year = 	 2025}

